@online{react,
  author       = {{Meta Platforms, Inc.}},
  title        = {React},
  year         = {2025},
  url          = {https://react.dev/},
  organization = {React},
}

@online{vite,
  author       = {{Vite}},
  title        = {Getting Started},
  year         = {2025},
  url          = {https://vite.dev/guide/},
}

@online{mantine,
  author       = {{Rtishchev, V., et al.}},
  title        = {About Mantine},
  year         = {2025},
  url          = {https://mantine.dev/about/},
  organization = {Mantine},
}

@online{springboot,
  author       = {{Broadcom}},
  title        = {Spring Boot},
  year         = {2025},
  url          = {https://docs.spring.io/spring-boot/index.html},
  organization = {Spring},
}

@online{mysql,
  author       = {{Oracle}},
  title        = {MySQL: Understanding What It Is and How Itâ€™s Used},
  year         = {2025},
  url          = {https://www.oracle.com/mysql/what-is-mysql/},
}

@online{jwt,
  author       = {{Okta}},
  title        = {Introduction to JSON Web Tokens},
  year         = {2025},
  url          = {https://jwt.io/introduction},
  organization = {JWT Debugger},
}

@online{docker,
  author       = {{Docker Inc.}},
  title        = {What is Docker?},
  year         = {2025},
  url          = {https://docs.docker.com/get-started/docker-overview/},
  organization = {Docker Documentation},
}

@online{dockercompose,
  author       = {{Docker Inc.}},
  title        = {Docker Compose},
  year         = {2025},
  url          = {https://docs.docker.com/compose/},
  organization = {Docker Documentation},
}

@online{jspdf,
  author       = {{Parallax}},
  title        = {jsPDF},
  year         = {2025},
  url          = {https://github.com/parallax/jsPDF},
  organization = {GitHub},
}

@online{axios,
  author       = {{Axios}},
  title        = {Getting Started},
  year         = {2025},
  url          = {https://axios-http.com/docs/intro},
}
